% For fields on different entries see https://en.wikibooks.org/wiki/LaTeX/Bibliography_Management
% Also see https://scholar.google.se/ 'My library' allows to save and import citations to BibTeX format

@book
{WW,
	author={Berlekamp, Elwyn Ralph and Conway, John Horton and Guy, Richard Kenneth
	},
	title={Winning Ways for your mathematical plays
	},
	publisher=
	{Academic Press},
	volume={1},
	edition={2nd},
	year=1982
}

@book
{CGT,
	
	author={Siegel, Aaron Nathan
	},
	title={Combinatorial Game Theory
	},
	publisher=
	{American Mathematical Society},
	edition={1st},
	year=2013
}

@book
{ONAG1,
	
	author={Conway, John Horton
	},
	title={On Numbers And Games
	},
	publisher =
	{Academic Press},
	edition={1st},
	year=1976
}

@book
{ONAG2,
	
	author={Conway, John Horton
	},
	title={On Numbers And Games
	},
	publisher =
	{Academic Press},
	edition={2nd},
	year=2001
}

@book
{GONC,
	
	editor={Nowakowski, Richard Joseph
	},
	title={Games of No Chance
	},
	publisher=
	{Mathematical Sciences Research Institute},
	year=1996
}

@book
{SN,
	
	author={Knuth, Donald Ervin
	},
	title={Surreal Numbers: How Two Ex-Students Turned on to Pure Mathematics and Found Total Happiness
	},
	publisher=
	{Mathematical Sciences Research Institute},
	year=1996
}

@article
{1,
	author={D.M. Breuker, J.W.H.M. Uiterwijk, H.J. van den Herik},
	title={Solveing $8\times 8$ Domineering},
	journal={Department of Computer Science, MATRIKS Research Institute, Universiteit Maast},
	year=1998
}

@article
{2,
	author={J.W.H.M. Uiterwijk},
	title={$11\times 11$ Domineering is Solved: The first player wins},
	journal={Department of Data Science and Knowledge Engineering (DKE)Maastricht University},
	year=2016
}

@article
{3,
	
	author={Demaine, Erik D. and Hearn, Robert Aubrey
	},
	title={Playing Games with Algorithms: Algorithmic Combinatorial Game Theory
	},
	journal=
	{Games of No Chance 3},
	year=2009
}

@phdthesis
{4,
	
	author={Hearn, Robert Aubrey
	},
	title={Games, Puzzles, and Computation
	},
	school={Massachusetts Institute of Technology},
	year=2006
}

@phdthesis
{5,
	
	author={Huntemann, Svenja
	},
	title={THE CLASS OF STRONG PLACEMENT GAMES:
	COMPLEXES, VALUES, AND TEMPERATURE
	},
	school={Daloise University},
	year=2018
}
